%% This BibTeX bibliography file was created using BibDesk.
%% http://bibdesk.sourceforge.net/


%% Created for Lian Duan at 2016-11-10 17:22:20 -0600 


%% Saved with string encoding Unicode (UTF-8) 

@Article{Duan14_JFM,
 author={L. Duan and M. M. Choudhari and M. Wu},
 title={Numerical Study of Pressure Fluctuations due to a Supersonic Turbulent Boundary Layer},
 volume={746},
 pages={165-192},
 journal={Journal of Fluid Mechanics},
 year={2014},
}

@article{duan2016pressure,
  title={Pressure fluctuations induced by a hypersonic turbulent boundary layer},
  author={Duan, Lian and Choudhari, Meelan M and Zhang, Chao},
  journal={Journal of Fluid Mechanics},
  volume={804},
  pages={578--607},
  year={2016},
  publisher={Cambridge University Press}
}

@article{zhang2017effect,
  title={Effect of wall cooling on boundary-layer-induced pressure fluctuations at Mach 6},
  author={Zhang, Chao and Duan, Lian and Choudhari, Meelan M},
  journal={Journal of Fluid Mechanics},
  volume={822},
  pages={5--30},
  year={2017},
  publisher={Cambridge University Press}
}

@article{gravante1998characterization,
  title={Characterization of the pressure fluctuations under a fully developed turbulent boundary layer},
  author={Gravante, SP and Naguib, AM and Wark, CE and Nagib, HM},
  journal={AIAA journal},
  volume={36},
  number={10},
  pages={1808--1816},
  year={1998}
}

@article{Tsuji2007,
  author =       {Y. Tsuji and J. H. M. Fransson and P. H. Alferdsson and A. V. Johansson},
  title =        {Pressure statistics and their scaling in high-Reynolds-number turbulent boundary layers},
  journal =      {Journal of Fluid Mechanics},
  volume = {585},
  pages =  {1-40},
  year =   {2007},
}

@article{Schewe83,
  author =       {G. Schewe},
  title =        {On the structure and resolution of wall­pressure fluctuations associated with turbulent boundary­layer flow},
  journal =      {Journal of Fluid Mechanics},
  volume = {134},
  pages =  {311-328},
  year =   {1983},
}

@article{Kim89,
  author =       {J. Kim},
  title =        {On the structure of pressure fluctuations in simulated turbulent channel flow},
  journal =      {Journal of Fluid Mechanics},
  volume = {205},
  pages =  {421-451},
  year =   {1989},
}

@article{snarski1995wall,
  title={Wall pressure and coherent structures in a turbulent boundary layer on a cylinder in axial flow},
  author={Snarski, Stephen R and Lueptow, Richard M},
  journal={Journal of Fluid Mechanics},
  volume={286},
  pages={137--171},
  year={1995},
  publisher={Cambridge University Press}
}


@article{vreman2014statistics,
  title={Statistics of spatial derivatives of velocity and pressure in turbulent channel flow},
  author={Vreman, AW and Kuerten, Johannes GM},
  journal={Physics of fluids},
  volume={26},
  number={8},
  pages={085103},
  year={2014},
  publisher={AIP}
}

@article{cao1999statistics,
  title={Statistics and structures of pressure in isotropic turbulence},
  author={Cao, Nianzheng and Chen, Shiyi and Doolen, Gary D},
  journal={Physics of Fluids},
  volume={11},
  number={8},
  pages={2235--2250},
  year={1999},
  publisher={AIP}
}

@techreport{neves1992numerical,
  title={Numerical study of axial turbulent flow over long cylinders},
  author={Neves, Joao C and Moin, Parviz and Moser, Robert D},
  year={1992},
  institution={STANFORD UNIV CA THERMOSCIENCES DIV}
}

@article{wilczynski1992correlations,
  title={Correlations between organized turbulent structures and wall pressure fluctuations},
  author={Wilczynski, Vincent and Casarella, Mario J},
  journal={NASA STI/Recon Technical Report N},
  volume={93},
  year={1992}
}

@inproceedings{haritonidis1990wall,
  title={Wall pressure peaks and waves},
  author={Haritonidis, JH and Gresko, LS and Breuer, KS},
  booktitle={Near-Wall Turbulence, Proceedings of the 1988 Zoran Zaric Memorial Conference (ed. SJ Kline \& NH Afgan)},
  pages={397--417},
  year={1990}
}

@article{johansson1987generation,
  title={On the generation of high-amplitude wall-pressure peaks in turbulent boundary layers and spots},
  author={Johansson, Arne V and Her, Jen-Yuan and Haritonidis, Joseph H},
  journal={Journal of Fluid Mechanics},
  volume={175},
  pages={119--142},
  year={1987},
  publisher={Cambridge University Press}
}

@article{moser1999direct,
  title={Direct numerical simulation of turbulent channel flow up to Re $\tau$= 590},
  author={Moser, Robert D and Kim, John and Mansour, Nagi N},
  journal={Physics of fluids},
  volume={11},
  number={4},
  pages={943--945},
  year={1999},
  publisher={AIP}
}



@article{gloerfelt2013turbulent,
  title={Turbulent boundary-layer noise: direct radiation at Mach number 0.5},
  author={Gloerfelt, Xavier and Berland, Julien},
  journal={Journal of Fluid Mechanics},
  volume={723},
  pages={318--351},
  year={2013},
  publisher={Cambridge University Press}
}

@techreport{dechant2014band,
  title={Band limited correlation estimates for A ($\xi$$\omega$/U) and B ($\eta$$\omega$/U) using Beresh et. al. 2013 data sets},
  author={DeChant, Lawrence Justin and Smith, Justin A},
  year={2014},
  institution={Sandia National Laboratories (SNL-NM), Albuquerque, NM (United States)}
}

@inproceedings{smith2016comparison,
  title={Comparison of a Turbulent Boundary Layer Pressure Fluctuation Model to Hypersonic Cone Measurements},
  author={Smith, Justin A and DeChant, Larry J and Casper, Katya M and Mesh, Mikhail and Field Jr, Richard V},
  booktitle={34th AIAA Applied Aerodynamics Conference},
  pages={4047},
  year={2016}
}

@article{di2013wall,
  title={Wall pressure coherence in supersonic turbulent boundary layers},
  author={Di Marco, A and Camussi, R and Bernardini, M and Pirozzoli, S},
  journal={Journal of Fluid Mechanics},
  volume={732},
  pages={445--456},
  year={2013},
  publisher={Cambridge University Press}
}


@article{palumbo2012determining,
  title={Determining correlation and coherence lengths in turbulent boundary layer flight data},
  author={Palumbo, Dan},
  journal={Journal of Sound and Vibration},
  volume={331},
  number={16},
  pages={3721--3737},
  year={2012},
  publisher={Elsevier}
}

@article{viazzo2001spectral,
  title={Spectral features of the wall-pressure fluctuations in turbulent wall flows with and without perturbations using LES},
  author={Viazzo, Stephane and Dejoan, Anne and Schiestel, Roland},
  journal={International Journal of Heat and Fluid Flow},
  volume={22},
  number={1},
  pages={39--52},
  year={2001},
  publisher={Elsevier}
}

@article{tsuji2007pressure,
  title={Pressure statistics and their scaling in high-Reynolds-number turbulent boundary layers},
  author={Tsuji, Y and Fransson, Jens HM and Alfredsson, P Henrik and Johansson, Arne V},
  journal={Journal of Fluid Mechanics},
  volume={585},
  pages={1--40},
  year={2007},
  publisher={Cambridge University Press}
}


@article{samtaney2001direct,
  title={Direct numerical simulation of decaying compressible turbulence and shocklet statistics},
  author={Samtaney, Ravi and Pullin, Dale I and Kosovi{\'c}, Branko},
  journal={Physics of Fluids},
  volume={13},
  number={5},
  pages={1415--1430},
  year={2001},
  publisher={AIP}
}


